@article{ho2020ddpm,
  title={Denoising Diffusion Probabilistic Models},
  author={Ho, Jonathan and Jain, Ajay and Abbeel, Pieter},
  journal={arXiv preprint arXiv:2006.11239},
  year={2020}
}

@article{nichol2021glide,
  title={GLIDE: Towards Photorealistic Image Generation and Editing with Text-Guided Diffusion Models},
  author={Nichol, Alex and Dhariwal, Prafulla and Ramesh, Aditya and Shyam, Pranav and Mishkin, Pamela and McGrew, Kevin and Sutskever, Ilya},
  journal={arXiv preprint arXiv:2112.10741},
  year={2021}
}

@article{saharia2022imagen,
  title={Imagen: Scaling up Diffusion Models for Text-to-Image Generation},
  author={Saharia, Chitwan and Chan, William and Saxena, Saurabh and Li, Lala and Whang, Jay and Denton, Emily and Ghasemipour, Seyed Kamyar and Kolesnikov, Alexander and Salimans, Tim and Ho, Jonathan and Fleet, David J and Le, Quoc V},
  journal={arXiv preprint arXiv:2205.11487},
  year={2022}
}

@article{ramesh2022hierarchical,
  title={Hierarchical Text-Conditional Image Generation with CLIP Latents},
  author={Ramesh, Aditya and Dhariwal, Prafulla and Nichol, Alex and Chu, Casey and Chen, Mark},
  journal={arXiv preprint arXiv:2204.06125},
  year={2022}
}
}


% Elucidating the Design Space of Diffusion-Based Generative Models
@article{karras2022elucidating,
  author = {Karras, T. and Aittala, M. and Aila, T. and Laine, S.},
  title = {Elucidating the Design Space of Diffusion-Based Generative Models},
  journal = {NeurIPS},
  year = {2022},
  url = {https://arxiv.org/abs/2206.00364}
}

@misc{learnopencv2023ddpm,
  author = {Vaibhav Singh},
  title = {An In-Depth Guide to Denoising Diffusion Probabilistic Models (DDPM)},
  year = {2023},
  howpublished = {\url{https://learnopencv.com/denoising-diffusion-probabilistic-models/}},
  note = {Accessed: 2025-08-13}
}


@conference{arora2019finegrained,
  title={Fine-Grained Analysis of Optimization and Generalization for Overparameterized Two-Layer Neural Networks},
  author={Arora, Sanjeev and Du, Simon S. and Hu, Wei and Li, Zhiyuan and Wang, Ruosong},
  booktitle={International Conference on Machine Learning (ICML)},
  year={2019},
  url={http://arxiv.org/abs/1901.08584}
}


Dosovitskiy et al., 2021
Dosovitskiy, A., Beyer, L., Kolesnikov, A., Weissenborn, D., Zhai, X., Unterthiner, T., … et al. (2021). An image is worth 16 x 16 words: transformers for image recognition at scale. International Conference on Learning Representations.
@article{dosovitskiy2020image,
  author = {Dosovitskiy , A. and Beyer, L. and Kolesnikov, A. and Weissenborn, D. and Zhai, X. and Unterthiner, T. and et al.},
  title = {An image is worth 16 x 16 words: transformers for image recognition at scale},
  journal = {International Conference on Learning Representations},
  year = {2021},
  volume = {},
  url = {https://arxiv.org/abs/2010.11929},
}

'dive into deep learning' book
@book{diveIntoDeepLearning,
  title={Dive into Deep Learning},
  author={Aston Zhang and Zachary C. Lipton and Mu Li and Alexander J. Smola},
  year={2020},
  publisher={Amazon Web Services},
  url={https://d2l.ai/},
  section = {vision transformers 11.8},
}

@article{hendrycks2016gaussian,
  author = {Hendrycks, D. and Gimpel, K.},
  title = {Gaussian error linear units (GELUs)},
  journal = {ArXiv:1606.08415},
  year = {2016},
  url = {https://arxiv.org/abs/1606.08415}
}

@article{baevski2018adaptive,
  author = {Baevski, A. and Auli, M.},
  title = {Adaptive input representations for neural language modeling},
  journal = {International Conference on Learning Representations},
  year = {2018},
  url = {https://arxiv.org/abs/1809.10853}
}
@article{vaswani2017attention,
  author = {Vaswani, A. and Shankar, S. and Parmar, N. and Uszkoreit, J. and Jones, L. and Gomez, A.N. and Kaiser, Ł. and Kaiser, Ł. and Kattner, K. and Niki, J. and Pham, P.T. and Polosukhin, I. and Qiu, J. and Vaswani, A. and Veličković, P. and Zoph, B.},
  title = {Attention is all you need},
  journal = {Advances in Neural Information Processing Systems},
  year = {2017},
  url = {https://arxiv.org/abs/1706.03762}
}
@article{wang2019learning,
  author = {Wang, Q. and Li, B. and Xiao, T. and Zhu, J. and Li, C. and Wong, D.F. and Chao, L.S.},
  title = {Learning deep transformer models for machine translation},
  journal = {Proceedings of the 57th Annual Meeting of the Association for Computational Linguistics},
  year = {2019},
  pages = {1810-1822},
  url = {https://arxiv.org/abs/1906.05237}
}
@article{xiong2020layer,
  author = {Xiong, R. and Yang, Y. and He, D. and Zheng, K. and Zheng, S. and Xing, C. and Liu, T.},
  title = {On layer normalization in the transformer architecture},
  journal = {International Conference on Machine Learning},
  year = {2020},
  pages = {10524-10533},
  url = {https://arxiv.org/abs/2002.04745}
}



@article{dynamo2007,
    author = {Giuseppe DeCandia and Deniz Hastorun and Madan Jampani and Gunavardhan Kakulapati and Avinash Lakshman and Alex Pilchin and Swaminathan Sivasubramanian and Peter Vosshall and Werner Vogels},
    title = {Dynamo: Amazon's Highly Available Key-value Store},
    journal = {Proceedings of the 21st ACM Symposium on Operating Systems Principles},
    year = {2007},
    pages = {205-220},
    url = {https://www.allthingsdistributed.com/files/amazon-dynamo-sosp2007.pdf}
}

@article{cassandra2009,
    author = {Avinash Lakshman and Prashant Malik},
    title = {Cassandra - A Decentralized Structured Storage System},
    journal = {Proceedings of the 3rd ACM Symposium on Cloud Computing},
    year = {2009},
    pages = {1-11},
    url = {https://www.cs.cornell.edu/projects/ladis2009/papers/lakshman-ladis2009.pdf}
}
@misc{cassandraDocumentation,
  author = {{Apache Cassandra}},
  title = {Cassandra Documentation},
  year = {2023},
  url = {https://cassandra.apache.org/doc/latest/cassandra/architecture/storage-engine.html},
  note = {Accessed: 2025-03-07}
}
@article{riak2009,
    author = {Basho Technologies},
    title = {Riak: A Distributed NoSQL Database},
    journal = {Basho Whitepaper},
    year = {2009},
    url = {https://riak.com/resources/index.html}
}

@article{voldemort2008,
    author = {LinkedIn},
    title = {Project Voldemort: A Distributed Key-Value Store},
    journal = {LinkedIn Engineering Blog},
    year = {2008},
    url = {https://www.project-voldemort.com}
}

@article{spanner2012,
    author = {James C. Corbett and Jeffrey Dean and Michael Epstein and Andrew Fikes and Christopher Frost and JJ Furman and Sanjay Ghemawat and Andrey Gubarev and Christopher Heiser and Peter Hochschild and Wilson Hsieh and Sebastian Kanthak and Eugene Kogan and Hongyi Li and Alexander Lloyd and Sergey Melnik and David Mwaura and David Nagle and Sean Quinlan and Rajesh Rao and Lindsay Rolig and Yasushi Saito and Michal Szymaniak and Christopher Taylor and Ruth Wang and Dale Woodford},
    title = {Spanner: Google's Globally-Distributed Database},
    journal = {Proceedings of the 10th USENIX Symposium on Operating Systems Design and Implementation},
    year = {2012},
    pages = {251-264},
    url = {https://research.google.com/archive/spanner-osdi2012.pdf}
}


@inproceedings{elhemali2022dynamodb,
  title={Amazon DynamoDB: A Scalable, Predictably Performant, and Fully Managed NoSQL Database Service},
  author={Mostafa Elhemali and Niall Gallagher and Nicholas Gordon and Joseph Idziorek and Richard Krog and Colin Lazier and Erben Mo and Akhilesh Mritunjai and Somu Perianayagam and Tim Rath and Swami Sivasubramanian and James Christopher Sorenson III and Sroaj Sosothikul and Doug Terry and Akshat Vig},
  booktitle={Proceedings of the 2022 USENIX Annual Technical Conference},
  year={2022},
  url={https://www.usenix.org/system/files/atc22-elhemali.pdf},
  note={Accessed: 2025-03-07}
}
@misc{hannigan2024contradictions,
  author={Leeroy Hannigan},
  title={Contradictions in Replication in the Dynamo Paper},
  year={2024},
  url={https://stackoverflow.com/questions/78466333/contradictions-in-replication-in-the-dynamo-paper},
  note={Accessed: 2025-03-07}
}
@misc{samu2025dynamo,
  author={Sam},
  title={The Dynamo Paper – Sam's Space},
  year={2025},
  url={https://samu.space/dynamo/},
  note={Accessed: 2025-03-07}
}
@misc{alex2022key,
  author={Alex Debrie},
  title={Key Takeways from the DynamoDB paper},
  year={2022},
  url={https://www.alexdebrie.com/posts/dynamodb-paper/},
  note={Accessed: 2025-03-07}
}
@misc{amazon2022,
  author={Staff writer of Amazon},
  title={Amazon's DynamoDB paper — 10 years later},
  year={2022},
  url={https://www.amazon.science/latest-news/amazons-dynamodb-10-years-later},
  note={Accessed: 2025-03-07}
}
