@FOOTNOTE{Note1,key="Note1",note="The same resource 2x(Nvidia a5000) allows training Mega on 2 batches, while allowing 6 batches for Giga."}
